<?xml version='1.0' encoding='UTF-8'?>
<record xmlns="http://www.loc.gov/MARC21/slim">
  <leader>00728cam a2200205Mi 4500</leader>
  <controlfield tag="001">2770257</controlfield>
  <controlfield tag="003">NjP</controlfield>
  <controlfield tag="005">20171013173936.0</controlfield>
  <controlfield tag="008">910110s1948    le            000 0 ara d</controlfield>
  <datafield tag="024" ind1="7" ind2=" ">
    <subfield code="a">princeton_aco002123</subfield>
    <subfield code="2">local</subfield>
  </datafield>
  <datafield ind1=" " ind2=" " tag="035">
    <subfield code="a">(OCoLC)ocm33856977</subfield>
  </datafield>
  <datafield ind1=" " ind2=" " tag="035">
    <subfield code="9">CNG6939TS</subfield>
  </datafield>
  <datafield ind1=" " ind2=" " tag="040">
    <subfield code="a">HLS</subfield>
    <subfield code="c">HLS</subfield>
    <subfield code="d">PUL</subfield>
  </datafield>
  <datafield ind1="1" ind2=" " tag="100">
    <subfield code="a">Ḥannā, Jūrj</subfield>
  </datafield>
  <datafield ind1="1" ind2="0" tag="245">
    <subfield code="a">Ṭarīq al-khalāṣ :</subfield>
    <subfield code="b">taḥlīl waḍʻī li-miḥnat Filasṭīn wa-al-qaḍāyā al-ʻArabīyah.</subfield>
  </datafield>
  <datafield ind1=" " ind2=" " tag="260">
    <subfield code="a">Bayrūt :</subfield>
    <subfield code="b">Dār al-Aḥad,</subfield>
    <subfield code="c">1948.</subfield>
  </datafield>
  <datafield ind1=" " ind2=" " tag="300">
    <subfield code="a">81 p.</subfield>
  </datafield>
  <datafield ind1=" " ind2=" " tag="590">
    <subfield code="a">Photocopy.</subfield>
  </datafield>
  <datafield ind1=" " ind2="0" tag="650">
    <subfield code="a">Jewish-Arab relations</subfield>
    <subfield code="x">History</subfield>
    <subfield code="y">1917-1948.</subfield>
    <subfield code="0">http://id.loc.gov/authorities/subjects/sh85070244</subfield>
  </datafield>
  <datafield ind1=" " ind2=" " tag="945">
    <subfield code="a">F</subfield>
    <subfield code="b">1</subfield>
    <subfield code="c">2271.28.388</subfield>
  </datafield>
  <datafield ind1=" " ind2=" " tag="911">
    <subfield code="a">20000130</subfield>
  </datafield>
  <datafield ind1="0" ind2="0" tag="852">
    <subfield code="0">3081097</subfield>
    <subfield code="b">nec</subfield>
    <subfield code="t">1</subfield>
    <subfield code="h">DS119.7</subfield>
    <subfield code="i">.H366 1948</subfield>
  </datafield>
  <datafield ind1="8" ind2="0" tag="852">
    <subfield code="0">3543159</subfield>
    <subfield code="b">rcppf</subfield>
    <subfield code="h">MICROFILM 02390</subfield>
    <subfield code="x">tr fr flm</subfield>
  </datafield>
  <datafield ind1=" " ind2=" " tag="959">
    <subfield code="a">2007-08-09 09:09:54 -0400</subfield>
  </datafield>
</record>
